<?xml version="1.0" encoding="UTF-8"?><collection xmlns="http://www.loc.gov/MARC21/slim"><record><leader>00511nam--2200181-u-4500</leader><controlfield tag="001">000052441</controlfield><controlfield tag="002">20161230</controlfield><controlfield tag="005">20161230201050</controlfield><controlfield tag="008">100709s1000------------r-----000-0-rus-d</controlfield><datafield ind1=" " ind2=" " tag="040"><subfield code="a">IFIN-HH</subfield></datafield><datafield ind1=" " ind2=" " tag="041"><subfield code="a">rus</subfield></datafield><datafield ind1=" " ind2=" " tag="080"><subfield code="a">531.7(023)</subfield></datafield><datafield ind1="1" ind2=" " tag="100"><subfield code="a">Leningradskii ordena gosudarstvenii universitet imeni A.A. Jdanova</subfield></datafield><datafield ind1="1" ind2="0" tag="245"><subfield code="a">Laboratornii praktikum po teorii kolebanii</subfield></datafield><datafield ind1=" " ind2=" " tag="260"><subfield code="a">Leningrad</subfield><subfield code="b">Leningradskogo Universiteta</subfield><subfield code="c">1965</subfield></datafield><datafield ind1=" " ind2=" " tag="300"><subfield code="a">79 p</subfield></datafield><datafield ind1=" " ind2=" " tag="852"><subfield code="a">76054</subfield><subfield code="c">531.7</subfield></datafield><datafield ind1=" " ind2=" " tag="CAT"><subfield code="a">Sys</subfield><subfield code="c">20100709</subfield><subfield code="h">131325</subfield></datafield></record></collection>